@Article{	  mt2008,
  author	= {D. G. Mitchell and E. Ternovska},
  title		= {Expressive power and abstraction in Essence},
  journal	= {Constraints},
  volume	= {13},
  number	= {3},
  pages		= {343--384},
  year		= {2008},
  doi		= {10.1007/s10601-008-9050-3}
}
